<?xml version="1.0" encoding="UTF-8"?><record xmlns="http://www.loc.gov/MARC21/slim" xmlns:cinclude="http://apache.org/cocoon/include/1.0" xmlns:zs="http://www.loc.gov/zing/srw/">
  <leader>00539cz  a2200145n  4500</leader>
  <controlfield tag="001">n  84102394 </controlfield>
  <controlfield tag="003">DLC</controlfield>
  <controlfield tag="005">20081119074935.0</controlfield>
  <controlfield tag="008">850322n| acannaabn          |n ana      </controlfield>
  <datafield tag="010" ind1=" " ind2=" ">
    <subfield code="a">n  84102394 </subfield>
  </datafield>
  <datafield tag="035" ind1=" " ind2=" ">
    <subfield code="a">(OCoLC)oca01288612</subfield>
  </datafield>
  <datafield tag="040" ind1=" " ind2=" ">
    <subfield code="a">DNLM</subfield>
    <subfield code="b">eng</subfield>
    <subfield code="c">DLC</subfield>
    <subfield code="d">DLC</subfield>
    <subfield code="d">OCoLC</subfield>
  </datafield>
  <datafield tag="110" ind1="2" ind2=" ">
    <subfield code="a">Hôpital militaire de Brest</subfield>
  </datafield>
  <datafield tag="670" ind1=" " ind2=" ">
    <subfield code="a">France. Sovereign (1774-1792 : Louis XVI). Règelement concernant les amphith. des Hôp. mil. de Strasb., Metz, Lille, Brest &amp; Toulon, 1781:</subfield>
    <subfield code="b">p. [1] (Hôpitaux militaires de ... Brest)</subfield>
  </datafield>
  <datafield tag="675" ind1=" " ind2=" ">
    <subfield code="a">ICSGO;</subfield>
    <subfield code="a">NUC;</subfield>
    <subfield code="a">BM.</subfield>
  </datafield>
</record>